
@online(LWMSE6botLocalization,
    title={{Where Am I?}},
    author={Lucas Wohlhart},
    howpublished = "\url{https://github.com/lwohlhart/RoboND-udacity\_bot/blob/master/where\_am\_i.pdf}",
    url= {https://github.com/lwohlhart/RoboND-udacity\_bot/blob/master/where\_am\_i.pdf}
)

@article(LabbeRTABMap,
    author={{Labbé}, M. and Michaud, F.},
    year={2017},
    title={Long-term online multi-session graph-based splam with memory management},
    journal={Autonomous Robots}
)



@article{montemerlo_fastslam,
	title = {{FastSLAM}: {A} {Factored} {Solution} to the {Simultaneous} {Localization} and {Mapping} {Problem}},
	language = {en},
	author = {Montemerlo, Michael and Thrun, Sebastian and Koller, Daphne and Wegbreit, Ben}
}


@article{montemerlo_fastslam_2_0,
	title = {{FastSLAM} 2.0: {An} {Improved} {Particle} {Filtering} {Algorithm} for {Simultaneous} {Localization} and {Mapping} that {Provably} {Converges}},
	language = {en},
	author = {Montemerlo, Michael and Thrun, Sebastian and Koller, Daphne and Wegbreit, Ben}
}


@article{thrun_graph_2006,
	title = {The {Graph} {SLAM} {Algorithm} with {Applications} to {Large}-{Scale} {Mapping} of {Urban} {Structures}},
	url = {http://journals.sagepub.com/doi/10.1177/0278364906065387},
	journal = {The International Journal of Robotics Research},
	author = {Thrun, Sebastian and Montemerlo, Michael},
	month = may,
	year = {2006},
}



@incollection{leonardis_surf:_2006,
	address = {Berlin, Heidelberg},
	title = {{SURF}: {Speeded} {Up} {Robust} {Features}},
	volume = {3951},
	isbn = {978-3-540-33832-1 978-3-540-33833-8},
	shorttitle = {{SURF}},
	url = {http://link.springer.com/10.1007/11744023_32},
	abstract = {In this paper, we present a novel scale- and rotation-invariant interest point detector and descriptor, coined SURF (Speeded Up Robust Features). It approximates or even outperforms previously proposed schemes with respect to repeatability, distinctiveness, and robustness, yet can be computed and compared much faster.},
	language = {en},
	urldate = {2019-03-04},
	booktitle = {Computer {Vision} – {ECCV} 2006},
	publisher = {Springer Berlin Heidelberg},
	author = {Bay, Herbert and Tuytelaars, Tinne and Van Gool, Luc},
	editor = {Leonardis, Aleš and Bischof, Horst and Pinz, Axel},
	year = {2006},
	doi = {10.1007/11744023_32},
	pages = {404--417}	
}
